@Comment \begin{thebibliography}{99}
@Comment   \addcontentsline{toc}{chapter}{Bibliography}
@Comment \bibitem{lamport} L. Lamport. {\bf \LaTeX \ A Document Preparation System}
@Comment Addison-Wesley, California 1986.
@Comment \end{thebibliography}

@article{milner91polyadicpi,
	Author = {Robin Milner},
	Date-Added = {2007-05-14 14:24:05 -0500},
	Date-Modified = {2007-05-14 14:24:05 -0500},
	Editor = {F.L. Hamer, W. Brauer, H. Schwichtenberg},
	Journal = {Logic and Algebra of Specification},
	Title = {The polyadic $\pi$-calculus: A tutorial},
	Url = {http://www.lfcs.informatics.ed.ac.uk/reports/91/ECS-LFCS-91-180/ECS-LFCS-91-180.ps},
	Volume = {Springer-Verlag},
	Year = {1993}}